<record><leader>00000cas a2200000 a 4500</leader><controlfield tag="001">12961105</controlfield><controlfield tag="008">851231d19141928aruwr ne      0    0eng d</controlfield><datafield ind1=" " ind2=" " tag="010"><subfield code="a">sn 85032948 </subfield></datafield><datafield ind1=" " ind2=" " tag="040"><subfield code="a">KSH</subfield><subfield code="b">eng</subfield><subfield code="c">KSH</subfield><subfield code="d">NPT</subfield><subfield code="d">ANU</subfield><subfield code="d">OBN</subfield><subfield code="d">OCL</subfield><subfield code="d">OCLCQ</subfield><subfield code="d">OCLCF</subfield><subfield code="d">OCLCO</subfield></datafield><datafield ind1="1" ind2=" " tag="029"><subfield code="a">AU@</subfield><subfield code="b">000022167788</subfield></datafield><datafield ind1=" " ind2=" " tag="042"><subfield code="a">msc</subfield></datafield><datafield ind1=" " ind2=" " tag="043"><subfield code="a">n-us-ar</subfield></datafield><datafield ind1="0" ind2=" " tag="130"><subfield code="a">Van Buren press-argus (Van Buren, Ark. : Weekly)</subfield></datafield><datafield ind1="1" ind2="0" tag="245"><subfield code="a">Van Buren press-argus.</subfield></datafield><datafield ind1="3" ind2=" " tag="246"><subfield code="a">Weekly press-argus</subfield></datafield><datafield ind1=" " ind2=" " tag="250"><subfield code="a">Weekly ed.</subfield></datafield><datafield ind1=" " ind2=" " tag="260"><subfield code="a">Van Buren, Ark. :</subfield><subfield code="b">F. Anderson</subfield></datafield><datafield ind1=" " ind2=" " tag="300"><subfield code="a">v.</subfield></datafield><datafield ind1=" " ind2=" " tag="310"><subfield code="a">Weekly</subfield></datafield><datafield ind1="1" ind2=" " tag="362"><subfield code="a">Began with July 18, 1914 issue.</subfield></datafield><datafield ind1="0" ind2=" " tag="362"><subfield code="a">-v. 69, no. 42 (Apr. 13, 1928).</subfield></datafield><datafield ind1=" " ind2=" " tag="500"><subfield code="a">Issues after Mar. 21, 1919 lack ed.-statement.</subfield></datafield><datafield ind1=" " ind2=" " tag="515"><subfield code="a">Vol. numbering is irregular in 1922.</subfield></datafield><datafield ind1=" " ind2=" " tag="588"><subfield code="a">Description based on: Vol. 50, no. 6 (Nov. 20, 1914).</subfield></datafield><datafield ind1=" " ind2="0" tag="651"><subfield code="a">Van Buren (Ark.)</subfield><subfield code="v">Newspapers.</subfield></datafield><datafield ind1=" " ind2="0" tag="651"><subfield code="a">Crawford County (Ark.)</subfield><subfield code="v">Newspapers.</subfield></datafield><datafield ind1=" " ind2="7" tag="655"><subfield code="a">Newspapers.</subfield><subfield code="2">fast</subfield><subfield code="0">(OCoLC)fst01423814</subfield></datafield><datafield ind1=" " ind2="7" tag="651"><subfield code="a">Arkansas</subfield><subfield code="z">Crawford County.</subfield><subfield code="2">fast</subfield><subfield code="0">(OCoLC)fst01209402</subfield></datafield><datafield ind1=" " ind2="7" tag="651"><subfield code="a">Arkansas</subfield><subfield code="z">Van Buren.</subfield><subfield code="2">fast</subfield><subfield code="0">(OCoLC)fst01211931</subfield></datafield><datafield ind1=" " ind2=" " tag="752"><subfield code="a">United States</subfield><subfield code="b">Arkansas</subfield><subfield code="c">Crawford</subfield><subfield code="d">Van Buren.</subfield></datafield><datafield ind1="0" ind2=" " tag="775"><subfield code="t">Van Buren press-argus (Van Buren, Ark. : Daily)</subfield><subfield code="w">(DLC)sn 88051072</subfield><subfield code="w">(OCoLC)18447345</subfield></datafield><datafield ind1="0" ind2=" " tag="775"><subfield code="t">Van Buren daily press-argus (Van Buren, Ark. : 1916)</subfield><subfield code="w">(DLC)sn 89051452</subfield><subfield code="w">(OCoLC)20728205</subfield></datafield><datafield ind1="0" ind2=" " tag="775"><subfield code="t">Van Buren daily press-argus (Van Buren, Ark. : 1922)</subfield><subfield code="w">(DLC)sn 88051079</subfield></datafield><datafield ind1="0" ind2=" " tag="775"><subfield code="t">Saturday press-argus</subfield><subfield code="w">(DLC)sn 88051073</subfield></datafield><datafield ind1="0" ind2="4" tag="780"><subfield code="t">Van Buren press</subfield><subfield code="w">(DLC)sn 84022991</subfield><subfield code="w">(OCoLC)10683552</subfield></datafield><datafield ind1="0" ind2="4" tag="780"><subfield code="t">Van Buren weekly argus</subfield><subfield code="w">(DLC)sn 86090904</subfield><subfield code="w">(OCoLC)15201738</subfield></datafield><datafield ind1="0" ind2="0" tag="785"><subfield code="t">Press-argus</subfield><subfield code="w">(DLC)sn 83002595</subfield></datafield></record>